<marcxml:collection xmlns:marcxml="http://www.loc.gov/MARC21/slim">
  <marcxml:record>
    <marcxml:leader>00364nmm  220024100 4500</marcxml:leader>
    <!-- Erteket a HIK adja meg, csak a validalas miatt adtam meg itt erteket. -->
    <marcxml:controlfield tag="001">HIK00115848</marcxml:controlfield>
    <!-- Erteket a HIK adja meg, csak a validalas miatt adtam meg itt erteket. -->
    <marcxml:controlfield tag="005">20040218164232.0</marcxml:controlfield>
    <!-- Erteket a HIK adja meg, csak a validalas miatt adtam meg itt erteket. -->
    <marcxml:controlfield tag="008">040218s2004 hu n ua hun d</marcxml:controlfield>
    <!-- Erteket a HIK adja meg, csak a validalas miatt adtam meg itt erteket. -->
    <marcxml:datafield tag="020" ind1=" " ind2=" ">
      <marcxml:subfield code="a">
      </marcxml:subfield>
    </marcxml:datafield>
    <marcxml:datafield tag="041" ind1=" " ind2=" ">
      <marcxml:subfield code="a">hun</marcxml:subfield>
    </marcxml:datafield>
    <marcxml:datafield tag="044" ind1=" " ind2=" ">
      <marcxml:subfield code="a">HU</marcxml:subfield>
    </marcxml:datafield>
    <marcxml:datafield tag="100" ind1="1" ind2=" ">
      <marcxml:subfield code="a">Bátfai Norbert</marcxml:subfield>
      <marcxml:subfield code="d">(1972-)</marcxml:subfield>
    </marcxml:datafield>
    <marcxml:datafield tag="245" ind1="1" ind2="0">
      <marcxml:subfield code="a">Javát tanítok</marcxml:subfield>
      <marcxml:subfield code="b">Bevezetés a programozásba a Turing gépektől a CORBA technológiáig</marcxml:subfield>
      <marcxml:subfield code="c">Bátfai Norbert, Juhász István</marcxml:subfield>
      <marcxml:subfield code="h">elektronikus dokumentum</marcxml:subfield>
    </marcxml:datafield>
    <marcxml:datafield tag="260" ind1="1" ind2=" ">
      <marcxml:subfield code="a">Debrecen</marcxml:subfield>
      <marcxml:subfield code="b">
      </marcxml:subfield>
      <marcxml:subfield code="c">2007</marcxml:subfield>
      <marcxml:subfield code="e" />
    </marcxml:datafield>
    <marcxml:datafield tag="500" ind1=" " ind2=" ">
      <marcxml:subfield code="a">Cím a képernyőről</marcxml:subfield>
    </marcxml:datafield>
    <marcxml:datafield tag="538" ind1=" " ind2=" ">
      <marcxml:subfield code="a">
        <!-- Ide kerül a HIK-es URI-ja az elektronikus dokumentumnak. -->
      </marcxml:subfield>
    </marcxml:datafield>
    <marcxml:datafield tag="700" ind1="1" ind2=" ">
      <marcxml:subfield code="a">Juhász István</marcxml:subfield>
      <marcxml:subfield code="d">(1950-)</marcxml:subfield>
    </marcxml:datafield>
  </marcxml:record>
</marcxml:collection>